<collection xmlns="http://www.loc.gov/MARC21/slim"><record><leader>00853nam  2200253   450</leader><controlfield tag="001">924</controlfield><controlfield tag="003">http://montalegre.opacnet.com/OPAC/default.aspx?ContentAreaControl=ShowRegHoldings.ascx&amp;RegNo=16662</controlfield><datafield tag="010" ind1=" " ind2=" "><subfield code="a">972-708-061-8</subfield></datafield><datafield tag="021" ind1=" " ind2=" "><subfield code="a">PT</subfield><subfield code="b">17818/87</subfield></datafield><datafield tag="095" ind1=" " ind2=" "><subfield code="a">PTBN00129812</subfield></datafield><datafield tag="100" ind1=" " ind2=" "><subfield code="a">19880920d1987    m  y0pora0103    ba</subfield></datafield><datafield tag="101" ind1="1" ind2=" "><subfield code="a">por</subfield><subfield code="c">eng</subfield></datafield><datafield tag="102" ind1=" " ind2=" "><subfield code="a">PT</subfield></datafield><datafield tag="200" ind1="1" ind2=" "><subfield code="a">&lt;A &gt;morte em Veneza</subfield><subfield code="f">Thomas Mann</subfield><subfield code="g">trad. Cláudia Fisher</subfield></datafield><datafield tag="210" ind1=" " ind2=" "><subfield code="a">Lisboa</subfield><subfield code="c">Relógio d'Água</subfield><subfield code="d">1987</subfield></datafield><datafield tag="215" ind1=" " ind2=" "><subfield code="a">85, [2] p.</subfield><subfield code="d">21 cm</subfield></datafield><datafield tag="225" ind1="2" ind2=" "><subfield code="a">Ficções</subfield><subfield code="v">25</subfield></datafield><datafield tag="304" ind1=" " ind2=" "><subfield code="a">Tít. orig. : Der tod in Venedig</subfield></datafield><datafield tag="675" ind1=" " ind2=" "><subfield code="a">821.112.2-31"18/19"</subfield><subfield code="v">BN</subfield><subfield code="z">por</subfield><subfield code="v">BN</subfield><subfield code="z">por</subfield><subfield code="3">618454</subfield></datafield><datafield tag="700" ind1=" " ind2="1"><subfield code="a">Mann</subfield><subfield code="b">Thomas</subfield><subfield code="f">1875-1955</subfield><subfield code="3">32608</subfield></datafield><datafield tag="702" ind1=" " ind2="1"><subfield code="a">Fisher</subfield><subfield code="b">Cláudia</subfield><subfield code="4">730</subfield><subfield code="3">342865</subfield></datafield><datafield tag="801" ind1=" " ind2="0"><subfield code="a">PT</subfield><subfield code="b">Biblioteca Municipal de Montalegre</subfield><subfield code="g">RPC</subfield></datafield><datafield tag="856" ind1=" " ind2=" "><subfield code="u">locateMedia.asp?cod=20060629165341&amp;ext=jpg</subfield><subfield code="z">CAPA</subfield></datafield><datafield tag="909" ind1="&#9;" ind2=" "><subfield code="a">2</subfield></datafield><datafield tag="966" ind1=" " ind2=" "><subfield code="a">0009198</subfield><subfield code="l">BMM</subfield><subfield code="s">SCG 821 MAN mor</subfield></datafield><datafield tag="966" ind1=" " ind2=" "><subfield code="a">0009120</subfield><subfield code="l">BMM</subfield><subfield code="s">SCG 821 MAN mor</subfield></datafield></record></collection>